@Book{knuth,
  Author         = "D.E. Knuth",
  Title          = "{The Art of Computer Programming}",
  Publisher      = "Addison-Wesley Longman Publishing Co., Inc. ",
  Volume         = "1",
  Address        = "Boston, MA, USA",
  year           = 1998
}

@misc{rapportacscience,
  Title =  {\href{https://www.academie-sciences.fr/pdf/rapport/rads\_0513.pdf}
  {l'enseignement de l'informatique en France, il est urgent de ne plus attendre}},
  Note  = "Rapport de l'acad√©mie des sciences", 
  Month = "mai",
  Year  = 2013
  }